@book{wickham2014advanced,
  title={Advanced r},
  author={Wickham, Hadley},
  year={2014},
  publisher={Chapman and Hall/CRC}
}
